@book{robbins2012learning,
  title={Learning web design: A beginner's guide to HTML, CSS, JavaScript, and web graphics},
  author={Robbins, Jennifer Niederst},
  year={2012},
  publisher={" O'Reilly Media, Inc."}
}

@book{prettyman2016learn,
  title={Learn PHP 7},
  author={Prettyman, Steve},
  year={2016},
  publisher={Springer}
}

@article{supaartagorn2011php,
  title={PHP Framework for database management based on MVC pattern},
  author={Supaartagorn, Chanchai},
  journal={International Journal of Computer Science \& Information Technology (IJCSIT)},
  volume={3},
  number={2},
  pages={251--258},
  year={2011}
}

@book{converse2004php5,
  title={PHP5 and MySQL bible},
  author={Converse, Tim and Park, Joyce and Morgan, Clark},
  volume={147},
  year={2004},
  publisher={John Wiley \& Sons}
}

@book{schulz2007hacking,
  title={Hacking Vim: a cookbook to get the most out of the latest Vim editor},
  author={Schulz, Kim},
  year={2007},
  publisher={Packt Publishing Ltd}
}

@book{osmani2012learning,
  title={Learning JavaScript Design Patterns: A JavaScript and jQuery Developer's Guide},
  author={Osmani, Addy},
  year={2012},
  publisher={" O'Reilly Media, Inc."}
}
